
@misc{randall,
  title={Liquidity and Monetary Policy},
  author={Randall S. Kroszner},
  year = {2007},
  url={http://www.federalreserve.gov}
}

@misc{selden,
title={Monetary Velocity in the United States},
year={1956},
author={Selden, Richard}
}

@misc{neweco,
title={Blockchain: Blueprint for a New Economy}
}
